<?xml version="1.0" encoding="UTF-8"?>
<marc:record xmlns:marc="http://www.loc.gov/MARC21/slim" xmlns:xsi="http://www.w3.org/2001/XMLSchema-instance" xsi:schemaLocation="http://www.loc.gov/standards/marcxml/schema/MARC21slim.xsd">
  <marc:controlfield tag="001">pe30011012</marc:controlfield>
  <marc:controlfield tag="003">DE-633</marc:controlfield>
  <marc:controlfield tag="005">20220115200417.0</marc:controlfield>
  <marc:controlfield tag="008">161109n|||||||a||| a</marc:controlfield>
  <marc:datafield tag="024" ind1="7" ind2=" ">
    <marc:subfield code="a">19948144</marc:subfield>
    <marc:subfield code="2">VIAF</marc:subfield>
  </marc:datafield>
  <marc:datafield tag="024" ind1="7" ind2=" ">
    <marc:subfield code="a">124240712</marc:subfield>
    <marc:subfield code="2">DNB</marc:subfield>
  </marc:datafield>
  <marc:datafield tag="024" ind1="7" ind2=" ">
    <marc:subfield code="a">LO1V183190</marc:subfield>
    <marc:subfield code="2">ICCU</marc:subfield>
  </marc:datafield>
  <marc:datafield tag="040" ind1=" " ind2=" ">
    <marc:subfield code="a">DE-633</marc:subfield>
  </marc:datafield>
  <marc:datafield tag="042" ind1=" " ind2=" ">
    <marc:subfield code="a">individualized</marc:subfield>
  </marc:datafield>
  <marc:datafield tag="043" ind1=" " ind2=" ">
    <marc:subfield code="c">XA-PL</marc:subfield>
  </marc:datafield>
  <marc:datafield tag="100" ind1="1" ind2=" ">
    <marc:subfield code="a">Janiewicz, Feliks</marc:subfield>
    <marc:subfield code="d">1762-1848</marc:subfield>
    <marc:subfield code="y">1762-21.05.1848</marc:subfield>
  </marc:datafield>
  <marc:datafield tag="375" ind1=" " ind2=" ">
    <marc:subfield code="a">male</marc:subfield>
  </marc:datafield>
  <marc:datafield tag="400" ind1="1" ind2=" ">
    <marc:subfield code="a">Yarnold, Benjamin</marc:subfield>
  </marc:datafield>
  <marc:datafield tag="400" ind1="1" ind2=" ">
    <marc:subfield code="a">Yaniewicz, Feliks</marc:subfield>
  </marc:datafield>
  <marc:datafield tag="400" ind1="1" ind2=" ">
    <marc:subfield code="a">Janievicz, Feliks</marc:subfield>
  </marc:datafield>
  <marc:datafield tag="400" ind1="1" ind2=" ">
    <marc:subfield code="a">Jennewitz, Feliks</marc:subfield>
  </marc:datafield>
  <marc:datafield tag="400" ind1="1" ind2=" ">
    <marc:subfield code="a">Yanievicz, Feliks</marc:subfield>
  </marc:datafield>
  <marc:datafield tag="400" ind1="1" ind2=" ">
    <marc:subfield code="a">Yarnold, Benjamin</marc:subfield>
  </marc:datafield>
  <marc:datafield tag="400" ind1="1" ind2=" ">
    <marc:subfield code="a">Yarnold, B.</marc:subfield>
  </marc:datafield>
  <marc:datafield tag="550" ind1=" " ind2=" ">
    <marc:subfield code="a">Composer</marc:subfield>
  </marc:datafield>
  <marc:datafield tag="550" ind1=" " ind2=" ">
    <marc:subfield code="a">Conductor</marc:subfield>
  </marc:datafield>
  <marc:datafield tag="550" ind1=" " ind2=" ">
    <marc:subfield code="a">Performer</marc:subfield>
  </marc:datafield>
  <marc:datafield tag="550" ind1=" " ind2=" ">
    <marc:subfield code="a">Violinist</marc:subfield>
  </marc:datafield>
  <marc:datafield tag="551" ind1=" " ind2=" ">
    <marc:subfield code="a">Vilnius</marc:subfield>
    <marc:subfield code="i">go</marc:subfield>
    <marc:subfield code="0">3901112</marc:subfield>
  </marc:datafield>
  <marc:datafield tag="551" ind1=" " ind2=" ">
    <marc:subfield code="a">Edinburgh</marc:subfield>
    <marc:subfield code="i">so</marc:subfield>
    <marc:subfield code="0">3900775</marc:subfield>
  </marc:datafield>
  <marc:datafield tag="551" ind1=" " ind2=" ">
    <marc:subfield code="a">Edinburgh</marc:subfield>
    <marc:subfield code="i">wo</marc:subfield>
    <marc:subfield code="0">3900775</marc:subfield>
  </marc:datafield>
  <marc:datafield tag="551" ind1=" " ind2=" ">
    <marc:subfield code="a">London</marc:subfield>
    <marc:subfield code="i">wo</marc:subfield>
    <marc:subfield code="0">3900003</marc:subfield>
  </marc:datafield>
  <marc:datafield tag="551" ind1=" " ind2=" ">
    <marc:subfield code="a">Paris</marc:subfield>
    <marc:subfield code="i">wo</marc:subfield>
    <marc:subfield code="0">3900155</marc:subfield>
  </marc:datafield>
  <marc:datafield tag="551" ind1=" " ind2=" ">
    <marc:subfield code="a">Warszawa</marc:subfield>
    <marc:subfield code="i">wo</marc:subfield>
    <marc:subfield code="0">3900368</marc:subfield>
  </marc:datafield>
  <marc:datafield tag="551" ind1=" " ind2=" ">
    <marc:subfield code="a">Wien</marc:subfield>
    <marc:subfield code="i">wo</marc:subfield>
    <marc:subfield code="0">3900059</marc:subfield>
  </marc:datafield>
  <marc:datafield tag="670" ind1=" " ind2=" ">
    <marc:subfield code="a">DEUMM/b</marc:subfield>
    <marc:subfield code="b">Janiewicz, Feliks (Yaniewicz) [1762-1848]</marc:subfield>
    <marc:subfield code="w">1577</marc:subfield>
  </marc:datafield>
  <marc:datafield tag="670" ind1=" " ind2=" ">
    <marc:subfield code="a">EM/b</marc:subfield>
    <marc:subfield code="b">Janiewicz, Feliks (Yaniewicz) [1762-1848]</marc:subfield>
    <marc:subfield code="w">1793</marc:subfield>
  </marc:datafield>
  <marc:datafield tag="670" ind1=" " ind2=" ">
    <marc:subfield code="a">EitnerQ</marc:subfield>
    <marc:subfield code="b">Yaniewicz, Felix (Janievicz; Jennewitz) [1761c-1830c]</marc:subfield>
    <marc:subfield code="w">1272</marc:subfield>
  </marc:datafield>
  <marc:datafield tag="670" ind1=" " ind2=" ">
    <marc:subfield code="a">Grove|6</marc:subfield>
    <marc:subfield code="b">Janiewicz, Feliks (Yaniewicz, Felix) [1762-1848]</marc:subfield>
    <marc:subfield code="w">1258</marc:subfield>
  </marc:datafield>
  <marc:datafield tag="670" ind1=" " ind2=" ">
    <marc:subfield code="a">Grove|7</marc:subfield>
    <marc:subfield code="b">Janiewicz, Feliks (Yaniewicz, Felix) [1762-1848]</marc:subfield>
    <marc:subfield code="w">3072</marc:subfield>
  </marc:datafield>
  <marc:datafield tag="670" ind1=" " ind2=" ">
    <marc:subfield code="a">MGG</marc:subfield>
    <marc:subfield code="b">Janiewicz, Feliks (Yaniewicz) [1762-1848]</marc:subfield>
    <marc:subfield code="w">1263</marc:subfield>
  </marc:datafield>
  <marc:datafield tag="670" ind1=" " ind2=" ">
    <marc:subfield code="a">MGG|2/p</marc:subfield>
    <marc:subfield code="b">Janiewicz, Feliks (Yaniewicz) (Felix) [1762-1848]</marc:subfield>
    <marc:subfield code="w">3828</marc:subfield>
  </marc:datafield>
  <marc:datafield tag="670" ind1=" " ind2=" ">
    <marc:subfield code="a">RISM A/I suppl.</marc:subfield>
    <marc:subfield code="b">Yarnold, Benjamin (Yanievicz, Felix)</marc:subfield>
    <marc:subfield code="w">3808</marc:subfield>
  </marc:datafield>
  <marc:datafield tag="670" ind1=" " ind2=" ">
    <marc:subfield code="a">RISM A/I</marc:subfield>
    <marc:subfield code="b">Yanievicz, Felix (Janievicz)</marc:subfield>
    <marc:subfield code="w">3806</marc:subfield>
  </marc:datafield>
  <marc:datafield tag="670" ind1=" " ind2=" ">
    <marc:subfield code="a">RISM A/I</marc:subfield>
    <marc:subfield code="b">Yanievicz, Felix (Janievicz)</marc:subfield>
    <marc:subfield code="w">3806</marc:subfield>
  </marc:datafield>
  <marc:datafield tag="670" ind1=" " ind2=" ">
    <marc:subfield code="a">RiemannL|1|2/p suppl.</marc:subfield>
    <marc:subfield code="b">Janiewicz, Feliks (Yaniewicz) [1762-1848]</marc:subfield>
    <marc:subfield code="w">2496</marc:subfield>
  </marc:datafield>
  <marc:datafield tag="670" ind1=" " ind2=" ">
    <marc:subfield code="a">RiemannL|1|2/p</marc:subfield>
    <marc:subfield code="b">0</marc:subfield>
    <marc:subfield code="w">408</marc:subfield>
  </marc:datafield>
  <marc:datafield tag="670" ind1=" " ind2=" ">
    <marc:subfield code="a">RiemannL|1|3</marc:subfield>
    <marc:subfield code="b">Janiewicz, Feliks (Yaniewicz, Felix) [1762-1848]</marc:subfield>
    <marc:subfield code="w">30026906</marc:subfield>
  </marc:datafield>
  <marc:datafield tag="670" ind1=" " ind2=" ">
    <marc:subfield code="a">SMP</marc:subfield>
    <marc:subfield code="b">Janiewicz, Feliks (Yaniewicz) [1762-1848]</marc:subfield>
    <marc:subfield code="w">1935</marc:subfield>
  </marc:datafield>
</marc:record>
